% O arquivo a seguir traz os principais exemplos de referências bibliográficas.
% Última atualização: 24/julho/2025.
%
% Exemplo de artigo publicado em anais de congresso.
@inproceedings{Caldana2017,
  author    = {Caldana, Ismael and da Silva, Ana Estela Antunes and Coelho, Guilherme Palermo and Gradvohl, Andre Leon S.},
  title     = {{Using X-Ray Flux Time Series for Solar Explosion Forecasting}},
  booktitle = {2017 Brazilian Conference on Intelligent Systems (BRACIS)},
  pages     = {204--209},
  publisher = {IEEE},
  address   = {Uberl{\^{a}}ndia},
  isbn      = {978-1-5386-2407-4},
  doi       = {10.1109/BRACIS.2017.31},
  month     = 10,
  year      = 2017
}

% Exemplo de relatório técnico ou apresentação.
@techreport{Gradvohl2015b,
  author    = {Gradvohl, André Leon S.},
  title     = {{Introdução aos sistemas distribuídos on-line para processamento de fluxos de dados – Parte II}},
  institution = {Escola Regional de Alto Desempenho em São Paulo},
  address   = {São José do Rio Preto},
  doi       = {10.6084/m9.figshare.1500786.v1},
  month     = 8,
  year      = 2015
}

% Exemplo de relatório técnico ou apresentação.
@techreport{Gradvohl2015a,
  author    = {Gradvohl, André Leon S.},
  title     = {{Introdução aos sistemas distribuídos on-line para processamento de fluxos de dados – Parte I}},
  institution = {Escola Regional de Alto Desempenho em São Paulo},
  address   = {São José do Rio Preto},
  doi       = {10.6084/m9.figshare.1500787.v1},
  month     = 8,
  year      = 2015
}

% Exemplo de artigo publicado em periódico científico (revista científica)
@article{Gradvohl:2014,
  author    = {Gradvohl, Andre Leon Sampaio},
  title     = {{Metalanguage for high-performance computing on hybrid architectures}},
  journal   = {IEEE (Revista IEEE América Latina) Latin América Transactions},
  volume    = 12,
  number    = 6,
  pages     = {1162--1168},
  doi       = {10.1109/TLA.2014.6894015},
  year      = 2014
}

% Exemplo de artigo publicado em anais de congresso.
@inproceedings{Gradvohl2016,
  author    = {Gradvohl, Andre Leon Sampaio},
  title     = {{Investigating Metrics to Build a Benchmark Tool for Complex Event Processing Systems}},
  booktitle = {2016 IEEE 4th International Conference on Future Internet of Things and Cloud Workshops (FiCloudW)},
  pages     = {143--147},
  publisher = {IEEE},
  address   = {Viena},
  isbn      = {978-1-5090-3946-3},
  doi       = {10.1109/W-FiCloud.2016.40},
  month     = 8,
  year      = 2016
}

% Exemplo de artigo publicado em anais de congresso.
@inproceedings{Gradvohl2008,
  author    = {Gradvohl, André Leon Sampaio},
  title     = {{Software livre na construção de grades computacionais para processamento de alto desempenho}},
  booktitle = {Workshop de Software Livre},
  address   = {Porto Alegre},
  doi       = {10.13140/2.1.4484.4328},
  year      = 2008
}

% Exemplo de capítulo de livro publicado.
@incollection{Gradvohl2015,
  author    = {Gradvohl, André Leon Sampaio},
  title     = {{Infraestrutura para computação científica de alto desempenho: dos agrupamentos às grades computacionais.}},
  booktitle = {Inovações Tecnológicas nas Perspectivas Computacionais},
  pages     = {6--14},
  publisher = {Biblioteca24Horas},
  address   = {São Paulo},
  isbn      = 9788541609388,
  year      = 2015,
  chapter   = 1,
  edition   = 1,
  editor    = {Murarolli, Patrícia Ligabó and Girotti, M{\'{a}}rcio Tadeu}
}

% Exemplo de apresentação.
@misc{Gradvohl2016a,
  author    = {Gradvohl, André Leon Sampaio},
  title     = {{Presentation investigating Metrics to build a benchmark tool for complex event processing systems}},
  address   = {Viena},
  doi       = {10.13140/RG.2.2.23464.37124},
  year      = 2016
}


% Exemplo de livro publicado.
@book{Gradvohl2016b,
  author    = {Gradvohl, André Leon Sampaio},
  title     = {{TV Interativa Baseada na Inclusão de Informações Hipermídia em Vídeos no Padrão MPEG}},
  pages     = 128,
  publisher = {Novas Edições Acadêmicas},
  address   = {Saarbr{\"{u}}cken},
  isbn      = {978-3-8417-2506-6},
  year      = 2016,
  edition   = 1
}

% Exemplo de patente ou registro de software.
@misc{Gradvohl2016c,
  author    = {Gradvohl, André Leon Sampaio},
  title     = {{B2-4CEP -- Benchmark Tool for Complex Event Processing Systems}},
  institution = {University of Campinas},
  publisher = {Brazilian National Institute of Industrial Property},
  year      = 2016
}

% Exemplo de artigo publicado em periódico científico (revista científica).
@article{Gradvohl2014c,
  author    = {Gradvohl, André Leon Sampaio and Senger, Hermes and Arantes, Luciana and Sens, Pierre},
  title     = {{Comparing distributed online stream processing systems considering fault tolerance issues}},
  journal   = {Journal of Emerging Technologies in Web Intelligence},
  volume    = 6,
  number    = 2,
  pages     = {174--179},
  issn      = {1799-8859},
  doi       = {10.4304/jetwi.6.2.174-179},
  year      = 2014
}

%Exemplo de site
@online{Gradvohl2020,
  title     = {HighPIDS Research Group},
  url       = {https://highpids.ft.unicamp.br},
  urldate   = {2020-06-13}, %formato ano-mes-dia
  editor    = {Gradvohl, André Leon Sampaio},
  year = 2020
}

% Exemplo de patente
@patent{Gradvohl2016d,
  author    = {Gradvohl, André Leon Sampaio},
  title     = {{B2-4CEP} -- {Benchmark Tool for Complex Event Processing systems}},
  date      = {2016-11-28},
  type      = {Número de Registro no INPI: BR512016001623-0}
}

% Exemplo de software
@software{Gradvohl2020b,
  author    = {Moraes, Matheus Bernardelli and Gradvohl, André Leon Sampaio},
  title     = {{MOAFS}: {A Massive Online Analysis library for feature selection in data streams}},
  publisher = {JOSS},
  address   = {EUA},
  url       = {https://doi.org/10.6084/m9.figshare.11663307.v2},
  urldate   = {2020-06-13},
  month     = 1,
  year      = 2020,
  license   = {CC-BY}
}
